% The entry below contains non-ASCII chars that could not be converted
% to a LaTeX equivalent.
@INCOLLECTION{Osher2003-zv,
  title     = "Signed Distance Functions",
  booktitle = "Level Set Methods and Dynamic Implicit Surfaces",
  author    = "Osher, Stanley and Fedkiw, Ronald",
  abstract  = "In the last chapter we defined implicit functions with
               $\phi$(x↦) $\leq$ 0 in the interior region $\Omega$-,
               $\phi$((x↦) > 0 in the exterior region $\Omega$+, and
               $\phi$((x↦) = 0 on the boundary $\partial$$\Omega$. Little was
               said about $\phi$ otherwise, except that smoothness is a
               desirable property especially in sampling the function or using
               numerical approximations. In this chapter we discuss signed
               distance functions, which are a subset of the implicit functions
               defined in the last chapter. We define signed distance functions
               to be positive on the exterior, negative on the interior, and
               zero on the boundary. An extra condition of |∇$\phi$(x↦)| = 1 is
               imposed on a signed distance function.",
  publisher = "Springer New York",
  pages     = "17--22",
  year      =  2003,
  address   = "New York, NY"
}

@MISC{noauthor_undated-bd,
  title        = "Ray marching and signed distance functions",
  booktitle    = "Zero Wind :: Jamie Wong",
  howpublished = "\url{https://jamie-wong.com/2016/07/15/ray-marching-signed-distance-functions/}",
  note         = "Accessed: 2022-9-18",
  language     = "en"
}

@MISC{Quilez_undated-oh,
  title        = "Inigo Quilez",
  booktitle    = "Iquilezles.org",
  author       = "Quilez, Inigo",
  howpublished = "\url{https://iquilezles.org/}",
  note         = "Accessed: 2022-9-18",
  language     = "en"
}

@MISC{Wikipedia_contributors2022-dv,
  title        = "Phong reflection model",
  booktitle    = "Wikipedia, The Free Encyclopedia",
  author       = "{Wikipedia contributors}",
  month        =  apr,
  year         =  2022,
  howpublished = "\url{https://en.wikipedia.org/w/index.php?title=Phong_reflection_model&oldid=1081824938}",
  note         = "Accessed: NA-NA-NA"
}

@MISC{harvard,
  title        = "Math S21a: Multivariable calculus",
  booktitle    = "Harvard.edu",
  author       = "Knill, Oliver",
  howpublished = "\url{https://people.math.harvard.edu/~knill/teaching/summer2011/handouts/34-gradient.pdf}",
  note         = "Accessed: 2022-9-18"
}

@BOOK{ideals_varieties,
  title     = "Ideals, Varieties, and Algorithms: An Introduction to
               Computational Algebraic Geometry and Commutative Algebra",
  author    = "Cox, D A and Little, J and O'Shea, D",
  publisher = "Springer New York",
  series    = "Undergraduate Texts in Mathematics",
  year      =  2008
}

@BOOK{grobner_generators,
  title     = "Gröbner Bases: Statistics and Software Systems",
  author    = "Takayuki Hibi",
  publisher = "Springer Tokyo",
}

@MISC{noauthor_undated-jn,
  booktitle    = "Kennesaw.edu",
  howpublished = "\url{http://ksuweb.kennesaw.edu/~plaval//math2203/gradient.pdf}",
  note         = "Accessed: 2023-2-2"
}

@misc{criterio1,
  title={Groebner Bases and an Improvement on Buchberger’s Algorithm},
  author={Melesse, Dessalegn Yizengaw},
  year={2007},
  publisher={South Africa: African Institute for Mathematical Science}
}

@BOOK{criterio2,
  title    = "Buchberger's Criteria and Trivial Syzygies",
  author   = "Semyonov, A S",
  language = "es"
}

@MISC{noauthor_undated-ra,
  title        = "Ray Marching y Funciones de Distancia con Signo: Dibujando
                  escenas {3D} sin v{\'e}rtices",
  booktitle    = "Bitnenfer.com",
  howpublished = "\url{https://bitnenfer.com/raymarching.html}",
  note         = "Accessed: 2023-2-13"
}

@MISC{Zucconi2016-aq,
  title        = "Volumetric rendering: Signed distance functions",
  booktitle    = "Alan Zucconi",
  author       = "Zucconi, Alan",
  month        =  jul,
  year         =  2016,
  howpublished = "\url{https://www.alanzucconi.com/2016/07/01/signed-distance-functions/}",
  note         = "Accessed: 2023-2-13",
  language     = "en"
}

@MISC{Wikipedia_contributors_undated-zi,
  title        = "Funci{\'o}n distancia con signo",
  booktitle    = "Wikipedia, The Free Encyclopedia",
  author       = "{Wikipedia contributors}",
  howpublished = "\url{https://es.wikipedia.org/w/index.php?title=Funci%C3%B3n_distancia_con_signo&oldid=149321457}",
  note         = "Accessed: NA-NA-NA"
}

@online{repo:blender,
  author       = {Blender Foundation},
  title        = {Blender - 3D creation software - git repository},
  year         = {Último acceso: 6 mayo 2023},
  url          = {https://projects.blender.org/blender/blender.git},
  organization = {blender.org},
}

@misc{opengl,
  author       = {OpenGL Foundation},
  title        = {OpenGL - API for rendering 2D and 3D graphics},
  url          = {https://www.opengl.org/},
  organization = {opengl.org},
}

@misc{game:dreams,
    title         = "Dreams",
    author          = "Media Molecule",
    url          = {https://indreams.me/},
    year          = "2020",
}

@online{article:smooth,
  author       = {Quílez, Iñigo},
  title        = {Smooth Minimun},
  year         = {[En línea]. Último acceso: 6 mayo 2023},
  howpublished = "\url{https://iquilezles.org/articles/smin/}",
}

@online{article:tetra,
  author       = {Quílez, Iñigo},
  title        = {Normals for an SDF},
  year         = {[En línea]. Último acceso: 6 mayo 2023},
  howpublished = "\url{https://iquilezles.org/articles/normalsSDF/}",
}

@online{article:matrices,
  title        = "Coordinate Systems",
  author       = "{OpenGL}",
  howpublished = "\url{https://learnopengl.com/Getting-started/Coordinate-Systems}",
  note         = "Accessed: 2023-5-9",
  language     = "en"
}

@online{article:matrices2,
  title        = "Matrices",
  author       = "{OpenGL}",
  howpublished = "\url{http://www.opengl-tutorial.org/es/beginners-tutorials/tutorial-3-matrices/#matrices-modelo-vista-y-proyecci%C3%B3n}",
  note         = "Accessed: 2023-5-10",
  language     = "en"
}

@misc{apuntes:ig,
    title         = "Apuntes de la asignatura Informática Gráfica de la Universidad de Granada",
    author          = "Carlos Ureña",
    organization = "Univ. de Granada",
    year          = "curso 21-22",
}

@misc{apuntes:curvas,
    title         = "Apuntes de la asignatura Curvas y Superficies de la Universidad de Granada",
    author          = "Alfonso Romero Sarabia",
    organization = "Univ. de Granada",
    year          = "curso 21-22",
}

@MISC{especular,
  title        = "Light and materials - graphics programming - part 10 -
                  chapter 1",
  booktitle    = "Uni-marburg.de",
  author       = "Thorm{\"a}hlen, Thorsten",
  month        =  dec,
  year         =  2022,
  howpublished = "\url{https://www.mathematik.uni-marburg.de/~thormae/lectures/graphics1/graphics_10_1_eng_web.html}",
  note         = "Accessed: 2023-5-20"
}

@MISC{derivWiki,
  title        = "Funci{\'o}n distancia con signo",
  booktitle    = "Wikipedia, The Free Encyclopedia",
  author       = "{Wikipedia contributors}",
  howpublished = "\url{https://es.wikipedia.org/w/index.php?title=Funci%C3%B3n_distancia_con_signo&oldid=149321457}",
  note         = "Accessed: 23-05-21"
}

@Article{dif1,
    author={Dapogny, Charles and Frey, Pascal},
    title={Computation of the signed distance function to a discrete contour on adapted triangulation},
    journal={Calcolo},
    year={2012},
    month={Sep},
    day={01},
    volume={49},
    number={3},
    pages={193-219},
    abstract={In this paper, we propose a numerical method for computing the signed distance function to a discrete domain, on an arbitrary triangular background mesh. It mainly relies on the use of some theoretical properties of the unsteady Eikonal equation. Then we present a way of adapting the mesh on which computations are held to enhance the accuracy for both the approximation of the signed distance function and the approximation of the initial discrete contour by the induced piecewise affine reconstruction, which is crucial when using this signed distance function in a context of level set methods. Several examples are presented to assess our analysis, in two or three dimensions.},
    issn={1126-5434},
    doi={10.1007/s10092-011-0051-z},
    url={https://doi.org/10.1007/s10092-011-0051-z}
}

@book{dif2,
    author = {Delfour, Michel and Zolésio, J.-P},
    year = {2001},
    month = {01},
    pages = {},
    title = {Shapes and Geometries: Analysis, Differential Calculus and Optimization},
    volume = {4},
    isbn = {0-89871-489-3},
    journal = {Shapes and Geometries Analysis, Differential Calculus, and Optimization},
    doi = {10.1137/1.9780898719826}
}

@article{phong,
    author = {Phong, Bui Tuong},
    title = {Illumination for Computer Generated Pictures},
    year = {1975},
    issue_date = {June 1975},
    publisher = {Association for Computing Machinery},
    address = {New York, NY, USA},
    volume = {18},
    number = {6},
    issn = {0001-0782},
    url = {https://doi.org/10.1145/360825.360839},
    doi = {10.1145/360825.360839},
    abstract = {The quality of computer generated images of three-dimensional scenes depends on the shading technique used to paint the objects on the cathode-ray tube screen. The shading algorithm itself depends in part on the method for modeling the object, which also determines the hidden surface algorithm. The various methods of object modeling, shading, and hidden surface removal are thus strongly interconnected. Several shading techniques corresponding to different methods of object modeling and the related hidden surface algorithms are presented here. Human visual perception and the fundamental laws of optics are considered in the development of a shading rule that provides better quality and increased realism in generated images.},
    journal = {Commun. ACM},
    month = {jun},
    pages = {311–317},
    numpages = {7},
    keywords = {graphic display, computer graphics, hidden surface removal, shading}
}

@MISC{diff,
  booktitle    = "Okstate.edu",
  howpublished = "\url{https://math.okstate.edu/people/binegar/4013-U98/4013-l06.pdf}",
  note         = "Accessed: 2023-5-30"
}

@ARTICLE{lips,
  title   = "Operations on signed distance functions",
  author  = "B{\'a}lint, Csaba and Valasek, G{\'a}bor and Gerg{\'o}, Lajos",
  journal = "Acta Cybern.",
  volume  =  24,
  number  =  1,
  pages   = "17--28",
  year    =  2019
}

@MISC{gdc,
  title    = "{GPU-based} clay simulation and ray-tracing tech in Claybook",
  author   = "Aaltonen, Sebastian",
  year     =  2018,
  language = "es"
}

@MISC{shadertoy-sombras,
  title    = "Ray marched improved shadows",
  author   = "{nurof3n}",
  language = "es"
}

@MISC{smoothstep,
  title        = "The book of shaders",
  booktitle    = "The Book of Shaders",
  howpublished = "\url{https://thebookofshaders.com/glossary/?search=smoothstep}",
  note         = "Accessed: 2023-6-1"
}

@MISC{ratchet,
  title     = "Ratchet and Clank: Rift Apart {PS5} - performance + graphics -
               all modes tested!",
  author    = "{Digital Foundry}",
  publisher = "Youtube",
  month     =  jun,
  year      =  2021
}

@incollection{ao,
  title={Fast approximations for global illumination on dynamic scenes},
  author={Evans, Alex},
  booktitle={ACM SIGGRAPH 2006 Courses},
  pages={153--171},
  year={2006}
}

@MISC{ao_opt,
  title    = "Normally Sampled Ambient Occlusion",
  author   = "Geer, Gerard",
  howpublished = "\url{https://www.csh.rit.edu/~gman/PersonalWebpage/ao.html}",
  note         = "Accessed: 2023-6-4"
}

@MISC{supersamp,
  title        = "Supersampling",
  booktitle    = "Wikipedia, The Free Encyclopedia",
  author       = "{Wikipedia contributors}",
  month        =  mar,
  year         =  2023,
  howpublished = "\url{https://en.wikipedia.org/w/index.php?title=Supersampling&oldid=1143405382}",
  note         = "Accessed: 2023-6-4"
}

@online{article:aprox,
  author       = {Quílez, Iñigo},
  title        = {Distance stimation},
  year         = {[En línea]. Último acceso: 6 junio 2023},
  howpublished = "\url{https://iquilezles.org/articles/distance/}",
}

@article{art:impSdf,
  title={Signed Distance Function Computation from an Implicit Surface},
  author={Fayolle, Pierre-Alain},
  journal={arXiv preprint arXiv:2104.08057},
  year={2021}
}

@inproceedings{blobtree,
  title={Extending the csg tree. warping, blending and boolean operations in an implicit surface modeling system},
  author={Wyvill, Brian and Guy, Andrew and Galin, Eric},
  booktitle={Computer Graphics Forum},
  volume={18},
  number={2},
  pages={149--158},
  year={1999},
  organization={Wiley Online Library}
}

@article{hart,
  title={Sphere tracing: A geometric method for the antialiased ray tracing of implicit surfaces},
  author={Hart, John C},
  journal={The Visual Computer},
  volume={12},
  number={10},
  pages={527--545},
  year={1996},
  publisher={Springer-Verlag Berlin/Heidelberg}
}

@inproceedings{Sederberg1989ScanLD,
  title={Scan line display of algebraic surfaces},
  author={Thomas W. Sederberg and Alan K. Zundel},
  booktitle={International Conference on Computer Graphics and Interactive Techniques},
  year={1989}
}

@inproceedings{hart2,
  title={Ray tracing deterministic 3-D fractals},
  author={Hart, John C and Sandin, Daniel J and Kauffman, Louis H},
  booktitle={Proceedings of the 16th annual conference on Computer graphics and interactive techniques},
  pages={289--296},
  year={1989}
}

@article{resultantes2,
  title={Using multivariate resultants to find the implicit equation of a rational surface},
  author={Chionh, Eng-Wee and Goldman, Ronald N},
  journal={The Visual Computer},
  volume={8},
  pages={171--180},
  year={1992},
  publisher={Springer}
}

@article{resultantes1,
  title={A univariate resultant-based implicitization algorithm for surfaces},
  author={P{\'e}rez-D{\'\i}az, Sonia and Sendra, J Rafael},
  journal={Journal of symbolic computation},
  volume={43},
  number={2},
  pages={118--139},
  year={2008},
  publisher={Elsevier}
}

% == RESULTANTS ==
@article{res1,
  title={Using multivariate resultants to find the implicit equation of a rational surface},
  author={Chionh, Eng-Wee and Goldman, Ronald N},
  journal={The Visual Computer},
  volume={8},
  pages={171--180},
  year={1992},
  publisher={Springer}
}

@article{res2,
  title={Introduction to the Basics of Algebraic Geometry, Computational Tools and Geometric Applications},
  author={B{\"o}hm, Janko},
  year={2004}
}

@article{res3,
  title={On the complexity of the multivariate resultant},
  author={Grenet, Bruno and Koiran, Pascal and Portier, Natacha},
  journal={Journal of Complexity},
  volume={29},
  number={2},
  pages={142--157},
  year={2013},
  publisher={Elsevier}
}

@MISC{wiki-homog,
  title        = "Homogeneous polynomial",
  booktitle    = "Wikipedia, The Free Encyclopedia",
  author       = "{Wikipedia contributors}",
  month        =  jun,
  year         =  2023,
  howpublished = "\url{https://en.wikipedia.org/w/index.php?title=Homogeneous_polynomial&oldid=1160440258}",
  note         = "Accessed: NA-NA-NA"
}

@article{macaulay,
  title={Some formulae in elimination},
  author={Macaulay, Francis Sowerby},
  journal={Proceedings of the London Mathematical Society},
  volume={1},
  number={1},
  pages={3--27},
  year={1902},
  publisher={Oxford University Press}
}

@book{modernAlgebra,
  title={Moderne algebra},
  author={Van der Waerden, Bartel Leendert and Artin, Emil and Noether, Emmy},
  volume={31950},
  year={1950},
  publisher={Springer}
}

@article{macaulay2,
  title={Note on the resultant of a number of polynomials of the same degree},
  author={Macaulay, FS},
  journal={Proceedings of the London Mathematical Society},
  volume={2},
  number={1},
  pages={14--21},
  year={1923},
  publisher={Oxford University Press}
}

@incollection{base1,
  title={Implicitizing rational surfaces with base points by applying perturbations and the factors of zero theorem},
  author={Chionh, Eng-Wee and Goldman, Ronald N},
  booktitle={Mathematical methods in computer aided geometric design II},
  pages={101--110},
  year={1992},
  publisher={Elsevier}
}

@article{base2,
  title={Implicit representation of rational parametric surfaces},
  author={Manocha, Dinesh and Canny, John F},
  journal={Journal of Symbolic Computation},
  volume={13},
  number={5},
  pages={485--510},
  year={1992},
  publisher={Elsevier}
}

@misc{ExactNumber,
  author = "@Daninet",
  title = "ExactNumber: A Library for arbitrary-precision decimals",
  year = "2023",
  howpublished = "\url{https://github.com/Daninet/exactnumber}",
  note = "[Online; Último acceso 10-Julio-2023]"
}

@misc{nerdamer,
  author = {@jiggzson},
  title = {Nerdamer: Computer Algebra System in JavaScript},
  howpublished = {\url{https://github.com/jiggzson/nerdamer}},
  year = {"2023"},
  note = "[Online; Último acceso 10-Julio-2023]"
}

@software{react,
  author = {{Facebook, Inc.}},
  title = {{React}},
  year = {2013},
  url = {https://reactjs.org/},
  version = {v18.2.0},
  note = {JavaScript library for building user interfaces},
}

@software{zustand,
  title = {{Zustand}},
  year = {2020},
  url = {https://zustand.surge.sh/},
  version = {v4.3.6},
  note = {State management library for React applications},
}

@software{react-flow,
  title = {{React Flow}},
  year = {2021},
  url = {https://reactflow.dev/},
  version = {11.6.1},
  note = {Library for building interactive node-based graphs in React applications},
}

@software{gl-react,
  title = {{gl-react}},
  year = {2015},
  howpublished = {https://github.com/gre/gl-react},
  version = {5.2.0},
  note = {Library for adding WebGL-powered effects to React applications},
}

@software{geogebra, 
    author = {Hohenwarter, M. and Borcherds, M. and Ancsin, G. and Bencze, B. and Blossier, M. and Delobelle, A. and Denizet, C. and \'Eli\'as, J. and Fekete, \'A and  G\'al, L. and Kone\v{c}n\'y, Z. and Kov\'acs, Z. and Lizelfelner, S. and Parisse, B. and Sturr, G.},  
    title = {{Geogebra}}, 
    note = {http://www.geogebra.org}, 
}

@manual{sage,
  Key          = {Sage},
  Author       = {W.\thinspace{}A. Stein and others},
  Organization = {The Sage Development Team},
  Title        = {{S}age {M}athematics {S}oftware},
  note         = {{http://www.sagemath.org}},
}

@online{webgl,
  title        = "WebGL How It Works",
  howpublished = "\url{https://webglfundamentals.org/webgl/lessons/webgl-how-it-works.html}",
  note = "[Online; Último acceso 30-Julio-2023]",
  language     = "en"
}

@online{webgl_ejemplo,
  title        = "WebGL Fundamentals",
  howpublished = "\url{https://web.dev/webgl-fundamentals/}",
  note = "[Online; Último acceso 30-Julio-2023]",
  language     = "en"
}